<record><leader>00000cas a2200000Ia 4500</leader><controlfield tag="001">30805268</controlfield><controlfield tag="007">hd afu---buuu</controlfield><controlfield tag="008">940721d18791892inudn nea     0   a0eng d</controlfield><datafield ind1=" " ind2=" " tag="010"><subfield code="a">sn 87056846 </subfield></datafield><datafield ind1=" " ind2=" " tag="040"><subfield code="a">IBS</subfield><subfield code="b">eng</subfield><subfield code="c">IBS</subfield><subfield code="d">OCLCQ</subfield></datafield><datafield ind1="0" ind2="4" tag="245"><subfield code="a">The Muncie daily news</subfield><subfield code="h">[microform].</subfield></datafield><datafield ind1=" " ind2=" " tag="260"><subfield code="a">Muncie, Ind. :</subfield><subfield code="b">N.F. Ethell,</subfield><subfield code="c">1879-</subfield></datafield><datafield ind1=" " ind2=" " tag="310"><subfield code="a">Daily (except Sun.)</subfield></datafield><datafield ind1="0" ind2=" " tag="362"><subfield code="a">Vol. 3, no. 141 (Oct. 29, 1879)-</subfield></datafield><datafield ind1="1" ind2=" " tag="362"><subfield code="a">Ceased in 1892.</subfield></datafield><datafield ind1=" " ind2=" " tag="500"><subfield code="a">Title from caption.</subfield></datafield><datafield ind1=" " ind2=" " tag="500"><subfield code="a">Publisher varies.</subfield></datafield><datafield ind1=" " ind2=" " tag="500"><subfield code="a">Filmed with: Daily Muncie news, and: Muncie news (Muncie, Ind. : Daily : 1892).</subfield></datafield><datafield ind1=" " ind2=" " tag="580"><subfield code="a">Issued also in a weekly ed. called: Muncie news (Muncie, Ind. : Weekly).</subfield></datafield><datafield ind1=" " ind2=" " tag="533"><subfield code="a">Microfilm.</subfield><subfield code="b">Chicago, Ill. :</subfield><subfield code="c">Recordak Corp.</subfield><subfield code="e">microfilm reels ; 35 mm.</subfield></datafield><datafield ind1=" " ind2=" " tag="539"><subfield code="a">d</subfield><subfield code="b">1879</subfield><subfield code="c">1892</subfield><subfield code="d">ilu</subfield><subfield code="e">u</subfield><subfield code="f">u</subfield><subfield code="g">a</subfield></datafield><datafield ind1=" " ind2="4" tag="651"><subfield code="a">Muncie (Ind.)</subfield><subfield code="v">Newspapers.</subfield></datafield><datafield ind1=" " ind2=" " tag="752"><subfield code="a">United States</subfield><subfield code="b">Indiana</subfield><subfield code="c">Delaware</subfield><subfield code="d">Muncie.</subfield></datafield><datafield ind1="1" ind2=" " tag="775"><subfield code="t">Muncie news (Muncie, Ind. : Weekly)</subfield><subfield code="w">(DLC)sn 86058727</subfield></datafield><datafield ind1="1" ind2=" " tag="776"><subfield code="t">Muncie daily news</subfield><subfield code="w">(OCoLC)17282531</subfield></datafield><datafield ind1="0" ind2="0" tag="780"><subfield code="t">Daily Muncie news</subfield><subfield code="w">(DLC)sn 87056841</subfield></datafield><datafield ind1="0" ind2="0" tag="785"><subfield code="t">Muncie news (Muncie, Ind. : Daily : 1892)</subfield><subfield code="w">(DLC)sn 86058726</subfield></datafield></record>